% This file was created with JabRef 2.10b2.
% Encoding: UTF-8


@InProceedings{DBLP:conf/icde/AbbaciHLR11,
  Title                    = {A similarity skyline approach for handling graph queries - A preliminary report},
  Author                   = {Katia Abbaci and Allel HadjAli and Ludovic Lietard and Daniel Rocacher},
  Booktitle                = {ICDE Workshops},
  Year                     = {2011},
  Pages                    = {112-117},

  Bibsource                = {DBLP, http://dblp.uni-trier.de},
  Crossref                 = {DBLP:conf/icde/2011w},
  Ee                       = {http://dx.doi.org/10.1109/ICDEW.2011.5767617},
  File                     = {:Graph Mining/similarity_skyline.pdf:PDF}
}

@InCollection{DBLP:series/ads/AggarwalW10a,
  Title                    = {Graph Data Management and Mining: A Survey of Algorithms and Applications},
  Author                   = {Charu C. Aggarwal and Haixun Wang},
  Booktitle                = {Managing and Mining Graph Data},
  Year                     = {2010},
  Pages                    = {13-68},

  Bibsource                = {DBLP, http://dblp.uni-trier.de},
  Crossref                 = {DBLP:series/ads/2010-40},
  Ee                       = {http://dx.doi.org/10.1007/978-1-4419-6045-0_2},
  File                     = {:Quellen/Graph Data Management/Graph_Data_Management_and_Mining.pdf:PDF}
}

@InProceedings{DBLP:conf/data/BornhoevdKLVW12,
  Title                    = {Flexible Information Management, Exploration and Analysis in SAP HANA},
  Author                   = {Christof Bornh{\"o}vd and Robert Kubis and Wolfgang Lehner and Hannes Voigt and Horst Werner},
  Booktitle                = {DATA},
  Year                     = {2012},
  Pages                    = {15-28},

  Bibsource                = {DBLP, http://dblp.uni-trier.de},
  Crossref                 = {DBLP:conf/data/2012},
  File                     = {:Quellen/Graph Systems/SAP HANA/AIS for Modern Business Apps.pdf:PDF}
}

@InProceedings{DBLP:conf/icdm/ChenYZHY08,
  Title                    = {Graph OLAP: Towards Online Analytical Processing on Graphs},
  Author                   = {Chen Chen and Xifeng Yan and Feida Zhu and Jiawei Han and Philip S. Yu},
  Booktitle                = {ICDM},
  Year                     = {2008},
  Pages                    = {103-112},

  Bibsource                = {DBLP, http://dblp.uni-trier.de},
  Crossref                 = {DBLP:conf/icdm/2008},
  Ee                       = {http://doi.ieeecomputersociety.org/10.1109/ICDM.2008.30},
  File                     = {:Quellen/Related Work/icdm08_cchen.pdf:PDF}
}

@InProceedings{DBLP:conf/btw/RudolfPBL13,
  Title                    = {The Graph Story of the SAP HANA Database},
  Author                   = {Michael Rudolf and Marcus Paradies and Christof Bornh{\"o}vd and Wolfgang Lehner},
  Booktitle                = {BTW},
  Year                     = {2013},
  Pages                    = {403-420},

  Bibsource                = {DBLP, http://dblp.uni-trier.de},
  Crossref                 = {DBLP:conf/btw/2013},
  Ee                       = {http://www.btw-2013.de/proceedings/The\%20Graph\%20Story\%20of\%20the\%20SAP\%20HANA\%20Database.pdf},
  File                     = {:Quellen/Graph Systems/SAP HANA/BTW'13-accepted.pdf:PDF}
}

@InCollection{DBLP:series/lnsn/SoussiCALL13,
  Title                    = {DB2SNA: An All-in-One Tool for Extraction and Aggregation of Underlying Social Networks from Relational Databases},
  Author                   = {Rania Soussi and Etienne Cuvelier and Marie-Aude Aufaure and Amine Louati and Yves Lechevallier},
  Booktitle                = {The Influence of Technology on Social Network Analysis and Mining},
  Year                     = {2013},
  Pages                    = {521-545},

  Bibsource                = {DBLP, http://dblp.uni-trier.de},
  Crossref                 = {DBLP:series/lnsn/2013-6},
  Ee                       = {http://dx.doi.org/10.1007/978-3-7091-1346-2_23},
  File                     = {:Quellen/Related Work/DB2SNA.pdf:PDF}
}

@Book{DBLP:series/ads/2010-40,
  Title                    = {Managing and Mining Graph Data},
  Author                   = {Charu C. Aggarwal and Haixun Wang},
  Editor                   = {Charu C. Aggarwal and Haixun Wang},
  Publisher                = {Springer},
  Year                     = {2010},
  Series                   = {Advances in Database Systems},
  Volume                   = {40},

  Bibsource                = {DBLP, http://dblp.uni-trier.de},
  Booktitle                = {Managing and Mining Graph Data},
  Ee                       = {http://dx.doi.org/10.1007/978-1-4419-6045-0},
  ISBN                     = {978-1-4419-6044-3}
}

@InProceedings{Amann:1993:GGD:168466.168527,
  Title                    = {Gram: a graph data model and query languages},
  Author                   = {Amann, Bernd and Scholl, Michel},
  Booktitle                = {Proceedings of the ACM conference on Hypertext},
  Year                     = {1992},

  Address                  = {New York, NY, USA},
  Pages                    = {201--211},
  Publisher                = {ACM},
  Series                   = {ECHT '92},

  Acmid                    = {168527},
  Doi                      = {10.1145/168466.168527},
  File                     = {:Quellen/Graph Languages/Gram.pdf:PDF},
  ISBN                     = {0-89791-547-X},
  Location                 = {Milan, Italy},
  Numpages                 = {11},
  Url                      = {http://doi.acm.org/10.1145/168466.168527}
}

@InProceedings{renzo_query_language,
  Title                    = {A Practical Query Language for Graph Databases},
  Author                   = {Angles, Renzo},
  Year                     = {2013},

  File                     = {:Quellen/Graph Languages/amw2013.pdf:PDF},
  Owner                    = {s1ck},
  Timestamp                = {2013.05.02}
}

@Article{Angles:2012,
  Title                    = {A Comparison of Current Graph Database Models},
  Author                   = {Angles, Renzo},
  Journal                  = {Data Engineering Workshops, 22nd International Conference on},
  Year                     = {2012},
  Pages                    = {171-177},
  Volume                   = {0},

  __markedentry            = {[s1ck:1]},
  Address                  = {Los Alamitos, CA, USA},
  Doi                      = {http://doi.ieeecomputersociety.org/10.1109/ICDEW.2012.31},
  File                     = {:Quellen/Related Work/4748a171.pdf:PDF},
  ISBN                     = {978-1-4673-1640-8},
  Publisher                = {IEEE Computer Society},
  Review                   = {Inhalt: Beschreibung Datenmodell / Graph database model: - Modell: - Menge von Datentypen + Menge von Operatoren + Menge von Integritätsbedingungen - Graph database model: - Datenstrukturen für Schema und Instanzen werden als Graph modelliert - Datenmanipulation wird durch Graphoperationen und Typkonstruktoren ausgeführt
- Vorteile Graph Datenmodells: - Abstraktionslevel zur natürlichen Beschreibung von Daten - Anfragesprachen und Operatoren zu direkten Verarbeitung des Graphen - fallweise Algorithmen und Datenstrukturen zur Verarbeitung des Graphen
Vergleich: - Features des Datenmodells - Datenstrukturen - Zugriffsmöglichkeiten - Integritätsbedingungen - KEINE physischen Betrachungen (Implementierung) - Graph-Anfragen
Anforderungen an ein Databankverwaltungssystem: - externe Schnittstellen (UI oder API) - Datenbanksprachen (DDL, DML, DQL) - Query-Optimierung - Datenbank Engine (middle-level model) - Storage Engine (low-level model) - Transaktionen - Verwaltung - Administration (Tuning, Backup, Recovery)
Verglichene Systeme: - Graph Databases: - native, vollwertige Datenbankmanagementsysteme - AllegroGraph, DEX, HypergraphDB, InfiniteGraph, Neo4j, Sones ^^ - Graph Stores - Basisfunktionalität zum Speichern und Anfragen von Graphen - Filament (SQL-Support), G-Store (Vertex-labeled Graphs), VertexDB (TokyoCabinet) - CloudGraph, Horton, Trinity -> prototypes - Verwandte Technologien - web-orientierte Datenbanken: FlockDB, InfoGrid (nutzen nur die Notation oO) - Dokumentenbasierte Datenbanken: OrientDB - Triple Stores: 4Store, Virtuoso, BigData - (large-scale) Graph processing infrastructure: Giraph, AnGrapa, GoldenOrb, Phoebus - in-memory graph tools (small graphs) - JUNG, Cytoscape, GraphViz, Gephi, NodeXL
Vergleiche - Speicherung: In-Memory, External Memory, Backend Storage, Indexes - Zugriff / Sprachen: DDL, DML, DQL, API, GUI - Datenstruktur: Simple Graphs, Hypergraphs, Nested Graphs, Attributed Graphs - Schemaunterstützung - Instanzebene: complex relation klingt interessant (Gruppierung, Ableitung, Vererbung) - Query-Sprachen: keine einheitliche Sprache, Fokus auf APIs - Integritätsbedingungen: Typprüfung (mit Schemabezug), Knoten-/Kantenidentität, Referentielle Integrität, Kardinalitätsprüfung, Funktionale Abhängigkeiten, Graph Pattern Constraints - > alles kaum vorhanden in GraphDBs - Abfrage von Graphen: Nachbarschaftsanfragen, Erreichbarkeitsanfragen, Mustersuche. Zusammenfassungen (Aggregationen) so, Vor-und Nachteile von Low-Level APIs + Standardvokabular für Funktionen und Prozeduren + einfache Entwicklung von Anwendungen + unbegrenzte Möglichkeiten zur Abfrage von Daten - geringeres Abstraktionsniveau (insbesondere für den "allgemeinen" Nutzer) - Einschränkungen durch Programmiersprachen - Implementierungsabhängige Effizienz - Entscheidbarkeitsprobleme



Wichtig:
- wie in "A comparison of a graph database and a relational database: a data provenance perspective" wird die fehlende einheitliche (standardisierte) Anfragesprache als größtes Defizit aufgezeigt- - Integriätsbedingungen nur wenig umgesetzt in aktuellen GraphDBs - "Datenkonsistenz ist wichtiger als ein flexbiles Schema" - Paper liefert gute Hinweise auf Anwendungen für bestimmte Queryarten}
}

@PhdThesis{renzo_phd,
  Title                    = {Graph Database Models and RDF},
  Author                   = {Renzo Angles},
  School                   = {Universidad de Chile},
  Year                     = {2009},

  File                     = {:Quellen/Related Work/renzo_angles_phd_thesis.pdf:PDF},
  Owner                    = {s1ck},
  Timestamp                = {2013.05.02}
}

@Article{Angles:2008,
  Title                    = {Survey of graph database models},
  Author                   = {Angles, Renzo and Gutierrez, Claudio},
  Journal                  = {ACM Comput. Surv.},
  Year                     = {2008},

  Month                    = feb,
  Number                   = {1},
  Pages                    = {1:1--1:39},
  Volume                   = {40},

  __markedentry            = {[s1ck:1]},
  Acmid                    = {1322433},
  Address                  = {New York, NY, USA},
  Articleno                = {1},
  Doi                      = {10.1145/1322432.1322433},
  File                     = {:Quellen/Related Work/Survey of Graph Database Models.pdf:PDF},
  ISSN                     = {0360-0300},
  Issue_date               = {February 2008},
  Keywords                 = {Database systems, database models, graph database models, graph databases, graph integrity constraints, graph query languages},
  Numpages                 = {39},
  Publisher                = {ACM},
  Url                      = {http://doi.acm.org/10.1145/1322432.1322433}
}

@Article{DBLP:journals/corr/abs-1301-5121,
  Title                    = {Partitioning Graph Databases - A Quantitative Evaluation},
  Author                   = {Alex Averbuch and Martin Neumann},
  Journal                  = {CoRR},
  Year                     = {2013},
  Volume                   = {abs/1301.5121},

  Bibsource                = {DBLP, http://dblp.uni-trier.de},
  Ee                       = {http://arxiv.org/abs/1301.5121},
  File                     = {:Quellen/Related Work/1301.5121v1.pdf:PDF}
}

@MastersThesis{Baas:2012,
  Title                    = {NoSQL spatial – Neo4j versus PostGIS},
  Author                   = {Bart Baas},
  School                   = {University of Utrecht},
  Year                     = {2012},

  File                     = {:Quellen/Related Work/MSc_report_final_v101.pdf:PDF},
  Keywords                 = {GIS, Geo, databases, NoSQL, Neo4j, PostgreSQL, measurements},
  Owner                    = {s1ck},
  Quality                  = {1},
  Timestamp                = {2013.05.28}
}

@Misc{bader:hpc_sgab2009,
  Title                    = {HPC Scalable Graph Analysis Benchmark V1.0},

  Author                   = {David A. Bader and John Feo and John Gilbert and Jeremy Kepner and David Koester and Eugene Loh and Kamesh Madduri and Bill Mann and Theresa Meuse},
  Month                    = {September},
  Year                     = {2009},

  File                     = {:Quellen/Graph Benchmarks/GraphAnalysisBenchmark-v1.0.pdf:PDF},
  Owner                    = {s1ck},
  Quality                  = {1},
  Timestamp                = {2013.06.05}
}

@Article{Balakrishnan:2003:LUD:606272.606299,
  Title                    = {{Looking up data in P2P systems}},
  Author                   = {Balakrishnan, Hari and Kaashoek, M. Frans and Karger, David and Morris, Robert and Stoica, Ion},
  Journal                  = {Commun. ACM},
  Year                     = {2003},

  Month                    = feb,
  Number                   = {2},
  Pages                    = {43--48},
  Volume                   = {46},

  Acmid                    = {606299},
  Address                  = {New York, NY, USA},
  Doi                      = {10.1145/606272.606299},
  ISSN                     = {0001-0782},
  Issue_date               = {February 2003},
  Numpages                 = {6},
  Publisher                = {ACM},
  Url                      = {http://doi.acm.org/10.1145/606272.606299}
}

@InProceedings{Barcelo:2011:QGP:1989284.1989307,
  Title                    = {Querying graph patterns},
  Author                   = {Barcel\'{o}, Pablo and Libkin, Leonid and Reutter, Juan L.},
  Booktitle                = {Proceedings of the thirtieth ACM SIGMOD-SIGACT-SIGART symposium on Principles of database systems},
  Year                     = {2011},

  Address                  = {New York, NY, USA},
  Pages                    = {199--210},
  Publisher                = {ACM},
  Series                   = {PODS '11},

  Acmid                    = {1989307},
  Doi                      = {10.1145/1989284.1989307},
  File                     = {:Quellen/Graph Operations/Graph Matching/pods11b.pdf:PDF},
  ISBN                     = {978-1-4503-0660-7},
  Keywords                 = {automata, complexity, constraint satisfaction, graph databases, graph patterns, query languages},
  Location                 = {Athens, Greece},
  Numpages                 = {12},
  Url                      = {http://doi.acm.org/10.1145/1989284.1989307}
}

@InProceedings{Batra:2012,
  Title                    = {Comparative Analysis of Relational And Graph Databases},
  Author                   = {Shalini Batra and Charu Tyagi},
  Booktitle                = {International Journal of Soft Computing and Engineering (IJSCE)},
  Year                     = {2012},
  Month                    = {May},
  Number                   = {2},
  Volume                   = {2},

  Abstract                 = {Relational model has been dominating the computer industry since the 1980s mainly for storing and retrieving data. Lately, however, relational database is losing its importance due to its dependence on a rigid schema which makes it difficult to add new relationships between the objects. Another important reason of its failure is that as the available data is growing manifolds, it is becoming difficult to work with relational model as joining large number of tables is not working efficiently. One of the proposed solutions is to shift to the Graph databases as they aspire to overcome such type of problems. This paper provides a comparative analysis of a graph database Neo4j with the most prevalent relational database MySQL.},
  File                     = {:Quellen/Related Work/B0625042212.pdf:PDF},
  Owner                    = {s1ck},
  Quality                  = {1},
  Timestamp                = {2013.05.28}
}

@Article{DBLP:journals/ijswis/BizerS09,
  Title                    = {The Berlin SPARQL Benchmark},
  Author                   = {Christian Bizer and Andreas Schultz},
  Journal                  = {Int. J. Semantic Web Inf. Syst.},
  Year                     = {2009},
  Number                   = {2},
  Pages                    = {1-24},
  Volume                   = {5},

  Bibsource                = {DBLP, http://dblp.uni-trier.de},
  Ee                       = {http://dx.doi.org/10.4018/jswis.2009040101}
}

@InProceedings{Bleco:2012:BIC:2320765.2320780,
  Title                    = {Business intelligence on complex graph data},
  Author                   = {Bleco, Dritan and Kotidis, Yannis},
  Booktitle                = {Proceedings of the 2012 Joint EDBT/ICDT Workshops},
  Year                     = {2012},

  Address                  = {New York, NY, USA},
  Pages                    = {13--20},
  Publisher                = {ACM},
  Series                   = {EDBT-ICDT '12},

  __markedentry            = {[s1ck:2]},
  Acmid                    = {2320780},
  Doi                      = {10.1145/2320765.2320780},
  File                     = {:Quellen/Graph OLAP/a3-bleco.pdf:PDF},
  ISBN                     = {978-1-4503-1143-4},
  Location                 = {Berlin, Germany},
  Numpages                 = {8},
  Url                      = {http://doi.acm.org/10.1145/2320765.2320780}
}

@Misc{BSBM:2013,
  Title                    = {BSBM V3.1 Results},

  Author                   = {Peter Boncz and Minh-Duc Pham},
  HowPublished             = {\url{http://wifo5-03.informatik.uni-mannheim.de/bizer/berlinsparqlbenchmark/results/V7/}},
  Month                    = jun,
  Year                     = {2013},

  Owner                    = {s1ck},
  Quality                  = {1},
  Timestamp                = {2013.06.13}
}

@InProceedings{Brin:1998:ALH:297805.297827,
  Title                    = {The anatomy of a large-scale hypertextual Web search engine},
  Author                   = {Brin, Sergey and Page, Lawrence},
  Booktitle                = {Proceedings of the seventh international conference on World Wide Web 7},
  Year                     = {1998},

  Address                  = {Amsterdam, The Netherlands, The Netherlands},
  Pages                    = {107--117},
  Publisher                = {Elsevier Science Publishers B. V.},
  Series                   = {WWW7},

  Acmid                    = {297827},
  Keywords                 = {Google, PageRank, World Wide Web, information retrieval, search engines},
  Location                 = {Brisbane, Australia},
  Numpages                 = {11},
  Url                      = {http://dl.acm.org/citation.cfm?id=297805.297827}
}

@Article{Bron:1973:AFC:362342.362367,
  Title                    = {Algorithm 457: finding all cliques of an undirected graph},
  Author                   = {Bron, Coen and Kerbosch, Joep},
  Journal                  = {Commun. ACM},
  Year                     = {1973},

  Month                    = sep,
  Number                   = {9},
  Pages                    = {575--577},
  Volume                   = {16},

  Acmid                    = {362367},
  Address                  = {New York, NY, USA},
  Doi                      = {10.1145/362342.362367},
  ISSN                     = {0001-0782},
  Issue_date               = {Sept. 1973},
  Keywords                 = {backtracking algorithm, branch and bound technique, cliques, clusters, maximal complete subgraphs, recursion},
  Numpages                 = {3},
  Publisher                = {ACM},
  Url                      = {http://doi.acm.org/10.1145/362342.362367}
}

@Article{Buerli:2012,
  Title                    = {The Current State of Graph Databases},
  Author                   = {Mike Buerli},
  Year                     = {2012},

  File                     = {:Quellen/Related Work/08 Graph_Databases_Survey.pdf:PDF},
  Quality                  = {1},
  Timestamp                = {2013.05.28}
}

@Article{Cachopo:2006:VBB:1228561.1228566,
  Title                    = {Versioned boxes as the basis for memory transactions},
  Author                   = {Cachopo, Jo\~{a}o and Rito-Silva, Ant\'{o}nio},
  Journal                  = {Sci. Comput. Program.},
  Year                     = {2006},

  Month                    = dec,
  Number                   = {2},
  Pages                    = {172--185},
  Volume                   = {63},

  Acmid                    = {1228566},
  Address                  = {Amsterdam, The Netherlands, The Netherlands},
  Doi                      = {10.1016/j.scico.2006.05.009},
  ISSN                     = {0167-6423},
  Issue_date               = {1 December 2006},
  Keywords                 = {conflict reduction, multi-version concurrency control, software transactional memory, transactions},
  Numpages                 = {14},
  Publisher                = {Elsevier North-Holland, Inc.},
  Url                      = {http://dx.doi.org/10.1016/j.scico.2006.05.009}
}

@InProceedings{DBLP:conf/sdm/ChakrabartiZF04,
  Title                    = {R-MAT: A Recursive Model for Graph Mining},
  Author                   = {Deepayan Chakrabarti and Yiping Zhan and Christos Faloutsos},
  Booktitle                = {SDM},
  Year                     = {2004},

  Bibsource                = {DBLP, http://dblp.uni-trier.de},
  Ee                       = {http://www.siam.org/meetings/sdm04/proceedings/sdm04_043.pdf},
  File                     = {:Quellen/Graph Benchmarks/R-MAT- A Recursive Model for Graph Mining.pdf:PDF}
}

@InProceedings{Chang:2006:BDS:1267308.1267323,
  Title                    = {Bigtable: a distributed storage system for structured data},
  Author                   = {Chang, Fay and Dean, Jeffrey and Ghemawat, Sanjay and Hsieh, Wilson C. and Wallach, Deborah A. and Burrows, Mike and Chandra, Tushar and Fikes, Andrew and Gruber, Robert E.},
  Booktitle                = {Proceedings of the 7th USENIX Symposium on Operating Systems Design and Implementation - Volume 7},
  Year                     = {2006},

  Address                  = {Berkeley, CA, USA},
  Pages                    = {15--15},
  Publisher                = {USENIX Association},
  Series                   = {OSDI '06},

  Acmid                    = {1267323},
  Location                 = {Seattle, WA},
  Numpages                 = {1},
  Url                      = {http://dl.acm.org/citation.cfm?id=1267308.1267323}
}

@Article{Chaudhuri:2011:OBI:1978542.1978562,
  Title                    = {An overview of business intelligence technology},
  Author                   = {Chaudhuri, Surajit and Dayal, Umeshwar and Narasayya, Vivek},
  Journal                  = {Commun. ACM},
  Year                     = {2011},

  Month                    = aug,
  Number                   = {8},
  Pages                    = {88--98},
  Volume                   = {54},

  Acmid                    = {1978562},
  Address                  = {New York, NY, USA},
  Doi                      = {10.1145/1978542.1978562},
  File                     = {:/home/s1ck/Dropbox/Documents/Studium/Masterarbeit/Quellen/Business Intelligence/p88-chaudhuri.pdf:PDF},
  ISSN                     = {0001-0782},
  Issue_date               = {August 2011},
  Numpages                 = {11},
  Publisher                = {ACM},
  Url                      = {http://doi.acm.org/10.1145/1978542.1978562}
}

@Article{DBLP:journals/kais/ChenYZHY09,
  Title                    = {Graph OLAP: a multi-dimensional framework for graph data analysis},
  Author                   = {Chen Chen and Xifeng Yan and Feida Zhu and Jiawei Han and Philip S. Yu},
  Journal                  = {Knowl. Inf. Syst.},
  Year                     = {2009},
  Number                   = {1},
  Pages                    = {41-63},
  Volume                   = {21},

  Bibsource                = {DBLP, http://dblp.uni-trier.de},
  Ee                       = {http://dx.doi.org/10.1007/s10115-009-0228-9},
  File                     = {:Quellen/Related Work/10.1007_s10115-009-0228-9.pdf:PDF}
}

@InProceedings{Cheng:2008:FGP:1546682.1547205,
  Title                    = {Fast Graph Pattern Matching},
  Author                   = {Cheng, Jiefeng and Yu, Jeffrey Xu and Ding, Bolin and Yu, Philip S. and Wang, Haixun},
  Booktitle                = {Proceedings of the 2008 IEEE 24th International Conference on Data Engineering},
  Year                     = {2008},

  Address                  = {Washington, DC, USA},
  Pages                    = {913--922},
  Publisher                = {IEEE Computer Society},
  Series                   = {ICDE '08},

  Acmid                    = {1547205},
  Doi                      = {10.1109/ICDE.2008.4497500},
  File                     = {:Quellen/Graph Operations/Graph Matching/icde08gsearch.pdf:PDF},
  ISBN                     = {978-1-4244-1836-7},
  Numpages                 = {10},
  Url                      = {http://dx.doi.org/10.1109/ICDE.2008.4497500}
}

@Article{Ciglan:2012,
  Title                    = {Benchmarking Traversal Operations over Graph Databases},
  Author                   = {Marek Ciglan and Alex Averbuch and Ladialav Hluchy},
  Journal                  = {Data Engineering Workshops, 22nd International Conference on},
  Year                     = {2012},
  Pages                    = {186-189},
  Volume                   = {0},

  Address                  = {Los Alamitos, CA, USA},
  Doi                      = {http://doi.ieeecomputersociety.org/10.1109/ICDEW.2012.47},
  File                     = {:Quellen/Graph Operations/Graph Traversal/Benchmarking_Traversal_Operations.pdf:PDF},
  ISBN                     = {978-1-4673-1640-8},
  Publisher                = {IEEE Computer Society}
}

@InProceedings{Codd:1980:DMD:800227.806891,
  Title                    = {Data models in database management},
  Author                   = {Codd, E. F.},
  Booktitle                = {Proceedings of the 1980 workshop on Data abstraction, databases and conceptual modeling},
  Year                     = {1980},

  Address                  = {New York, NY, USA},
  Pages                    = {112--114},
  Publisher                = {ACM},

  Acmid                    = {806891},
  Doi                      = {10.1145/800227.806891},
  File                     = {:Quellen/Property Graph Model/p112-codd.pdf:PDF},
  ISBN                     = {0-89791-031-1},
  Location                 = {Pingree Park, Colorado, USA},
  Numpages                 = {3},
  Url                      = {http://doi.acm.org/10.1145/800227.806891}
}

@Article{Codd:1970:RMD:362384.362685,
  Title                    = {A relational model of data for large shared data banks},
  Author                   = {Codd, E. F.},
  Journal                  = {Commun. ACM},
  Year                     = {1970},

  Month                    = jun,
  Number                   = {6},
  Pages                    = {377--387},
  Volume                   = {13},

  Acmid                    = {362685},
  Address                  = {New York, NY, USA},
  Doi                      = {10.1145/362384.362685},
  ISSN                     = {0001-0782},
  Issue_date               = {June 1970},
  Keywords                 = {composition, consistency, data bank, data base, data integrity, data organization, data structure, derivability, hierarchies of data, join, networks of data, predicate calculus, redundancy, relations, retrieval language, security},
  Numpages                 = {11},
  Publisher                = {ACM},
  Url                      = {http://doi.acm.org/10.1145/362384.362685}
}

@Article{DBLP:journals/ijprai/ConteFSV04,
  Title                    = {Thirty Years Of Graph Matching In Pattern Recognition},
  Author                   = {Donatello Conte and Pasquale Foggia and Carlo Sansone and Mario Vento},
  Journal                  = {IJPRAI},
  Year                     = {2004},
  Number                   = {3},
  Pages                    = {265-298},
  Volume                   = {18},

  Bibsource                = {DBLP, http://dblp.uni-trier.de},
  Ee                       = {http://dx.doi.org/10.1142/S0218001404003228},
  File                     = {:Quellen/Graph Operations/Graph Matching/THIRTY YEARS OF GRAPH MATCHING.pdf:PDF}
}

@InProceedings{de2013choosing,
  Title                    = {Choosing Between Graph Databases and RDF Engines for Consuming and Mining Linked Data},
  Author                   = {De Abreu, Domingo and Flores, Alejandro and Palma, Guillermo and Pestana, Valeria and Pinero, Jos{\'e} and Queipo, Jonathan and S{\'a}nchez, Jos{\'e} and Vidal, Maria-Esther},
  Year                     = {2013},

  File                     = {:/home/s1ck/Dropbox/Documents/Studium/Masterarbeit/Quellen/Graph Benchmarks/paperCOLD.pdf:PDF}
}

@Article{Dean:2008:MSD:1327452.1327492,
  Title                    = {MapReduce: simplified data processing on large clusters},
  Author                   = {Dean, Jeffrey and Ghemawat, Sanjay},
  Journal                  = {Commun. ACM},
  Year                     = {2008},

  Month                    = jan,
  Number                   = {1},
  Pages                    = {107--113},
  Volume                   = {51},

  Acmid                    = {1327492},
  Address                  = {New York, NY, USA},
  Doi                      = {10.1145/1327452.1327492},
  File                     = {:Quellen/Related Work/mapreduce-osdi04.pdf:PDF},
  ISSN                     = {0001-0782},
  Issue_date               = {January 2008},
  Numpages                 = {7},
  Publisher                = {ACM},
  Url                      = {http://doi.acm.org/10.1145/1327452.1327492}
}

@Article{DBLP:journals/corr/cs-AR-9912010,
  Title                    = {Scalability Terminology: Farms, Clones, Partitions, Packs, RACS and RAPS},
  Author                   = {Bill Devlin and Jim Gray and Bill Laing and George Spix},
  Journal                  = {CoRR},
  Year                     = {1999},
  Volume                   = {cs.AR/9912010},

  Bibsource                = {DBLP, http://dblp.uni-trier.de},
  Ee                       = {http://arxiv.org/abs/cs.AR/9912010},
  File                     = {:Quellen/Grundlagen/tr-99-85.pdf:PDF}
}

@Book{DBLP:books/daglib/0030488,
  Title                    = {Graph Theory, 4th Edition},
  Author                   = {Reinhard Diestel},
  Publisher                = {Springer},
  Year                     = {2012},
  Series                   = {Graduate texts in mathematics},
  Volume                   = {173},

  Bibsource                = {DBLP, http://dblp.uni-trier.de},
  ISBN                     = {978-3-642-14278-9},
  Pages                    = {I-XVIII, 1-436}
}

@InProceedings{Dominguez-Sal2011,
  Title                    = {A discussion on the design of graph database benchmarks},
  Author                   = {Dominguez-Sal, David and Martinez-Bazan, Norbert and Muntes-Mulero, Victor and Baleta, Pere and Larriba-Pay, Josep Lluis},
  Booktitle                = {Proceedings of the Second TPC technology conference on Performance evaluation, measurement and characterization of complex systems},
  Year                     = {2011},

  Address                  = {Berlin, Heidelberg},
  Pages                    = {25--40},
  Publisher                = {Springer-Verlag},
  Series                   = {TPCTC'10},

  Acmid                    = {1946053},
  File                     = {:Quellen/Graph Benchmarks/10.1007_978-3-642-18206-8_3.pdf:PDF},
  ISBN                     = {978-3-642-18205-1},
  Location                 = {Singapore},
  Numpages                 = {16},
  Url                      = {http://dl.acm.org/citation.cfm?id=1946050.1946053}
}

@InProceedings{Dominguez-Sal:2010:SGD:1927585.1927590,
  Title                    = {Survey of graph database performance on the HPC scalable graph analysis benchmark},
  Author                   = {Dominguez-Sal, D. and Urb\'{o}n-Bayes, P. and Gim{\'e}nez-Va\~{n}\'{o}, A. and G\'{o}mez-Villamor, S. and Mart\'{\i}nez-Baz\'{a}n, N. and Larriba-Pey, J. L.},
  Booktitle                = {Proceedings of the 2010 international conference on Web-age information management},
  Year                     = {2010},

  Address                  = {Berlin, Heidelberg},
  Pages                    = {37--48},
  Publisher                = {Springer-Verlag},
  Series                   = {WAIM'10},

  Acmid                    = {1927590},
  File                     = {:Quellen/Related Work/Survey of Graph Database Performance on the HPC Scalable Graph Analysis Benchmark.pdf:PDF},
  ISBN                     = {3-642-16719-5, 978-3-642-16719-5},
  Location                 = {Jiuzhaigou Valley, China},
  Numpages                 = {12},
  Url                      = {http://dl.acm.org/citation.cfm?id=1927585.1927590}
}

@InCollection{Dries:2012:BQL:2363300.2363314,
  Title                    = {BiQL: a query language for analyzing information networks},
  Author                   = {Dries, Anton and Nijssen, Siegfried and De Raedt, Luc},
  Publisher                = {Springer-Verlag},
  Year                     = {2012},

  Address                  = {Berlin, Heidelberg},
  Chapter                  = {BiQL: a query language for analyzing information networks},
  Editor                   = {Berthold, Michael R.},
  Pages                    = {147--165},

  Acmid                    = {2363314},
  File                     = {:Quellen/Graph Languages/BiQL.pdf:PDF},
  ISBN                     = {978-3-642-31829-0},
  Numpages                 = {19},
  Url                      = {http://dl.acm.org/citation.cfm?id=2363300.2363314}
}

@Book{EdlichFriedlandHampeBrauer201010,
  Title                    = {NoSQL: Einstieg in die Welt nichtrelationaler Web 2.0 Datenbanken},
  Author                   = {Edlich, Stefan and Friedland, Achim and Hampe, Jens and Brauer, Benjamin},
  Publisher                = {Hanser Fachbuchverlag},
  Year                     = {2011},
  Edition                  = {2},
  Month                    = {11},

  Added-at                 = {2011-01-13T10:02:03.000+0100},
  Biburl                   = {http://www.bibsonomy.org/bibtex/2b295fbbefaa11adbc2f10e247cba25ab/stroeh},
  File                     = {:/home/s1ck/Dropbox/Documents/Books/NoSQL/NoSQL-V2.pdf:PDF},
  Interhash                = {918f916344d4c39d3831a967a283b0c4},
  Intrahash                = {b295fbbefaa11adbc2f10e247cba25ab},
  ISBN                     = {9783446423558},
  Keywords                 = {nosql web-2.0-datenbanken},
  Pages                    = {392},
  Price                    = {EUR 29,90},
  Timestamp                = {2011-01-13T10:02:03.000+0100},
  Totalpages               = {304},
  Url                      = {http://amazon.de/o/ASIN/3446423559/}
}

@Article{Ehrig:2006:FTT:1231199.1231202,
  Title                    = {Fundamental Theory for Typed Attributed Graphs and Graph Transformation based on Adhesive HLR Categories},
  Author                   = {Ehrig, Hartmut and Ehrig, Karsten and Prange, Ulrike and Taentzer, Gabriele},
  Journal                  = {Fundam. Inf.},
  Year                     = {2006},

  Month                    = oct,
  Number                   = {1},
  Pages                    = {31--61},
  Volume                   = {74},

  Acmid                    = {1231202},
  Address                  = {Amsterdam, The Netherlands, The Netherlands},
  File                     = {:Quellen/Property Graph Model/ICGT04paper2.pdf:PDF},
  ISSN                     = {0169-2968},
  Issue_date               = {October 2006},
  Keywords                 = {Critical Pair Lemma, adhesive HLR categories, local confluence of transformations, typed attributed graph transformation},
  Numpages                 = {31},
  Publisher                = {IOS Press},
  Url                      = {http://dl.acm.org/citation.cfm?id=1231199.1231202}
}

@Misc{github_delft:2013,
  Title                    = {{Titan Reverse Engineering}},

  Author                   = {Jan Elffers},
  HowPublished             = {\url{https://github.com/elffersj/delftswa-aurelius-titan/tree/master/SA-doc}},
  Month                    = oct,
  Year                     = {2013},

  Owner                    = {s1ck},
  Timestamp                = {2013.08.07}
}

@Book{elmasri2009grundlagen,
  Title                    = {Grundlagen von Datenbanksystemen},
  Author                   = {Elmasri, R.A. and Navathe, S.B.},
  Publisher                = {Pearson Studium},
  Year                     = {2009},
  Series                   = {Pearson Studium},

  ISBN                     = {9783868940121},
  Url                      = {http://books.google.de/books?id=REgdRECfcRIC}
}

@Misc{fipa:2013,
  Title                    = {{Agent Communication Language Specifications}},

  Author                   = {FIPA},
  HowPublished             = {\url{http://www.fipa.org/repository/aclspecs.html}},
  Month                    = sep,
  Year                     = {2013},

  Owner                    = {s1ck},
  Timestamp                = {2013.09.17}
}

@Article{Gallo:1993:DHA:153578.153586,
  Title                    = {Directed hypergraphs and applications},
  Author                   = {Gallo, Giorgio and Longo, Giustino and Pallottino, Stefano and Nguyen, Sang},
  Journal                  = {Discrete Appl. Math.},
  Year                     = {1993},

  Month                    = apr,
  Number                   = {2-3},
  Pages                    = {177--201},
  Volume                   = {42},

  Acmid                    = {153586},
  Address                  = {Amsterdam, The Netherlands, The Netherlands},
  Doi                      = {10.1016/0166-218X(93)90045-P},
  File                     = {:Quellen/Hypergraphs/gallo92directed.pdf:PDF},
  ISSN                     = {0166-218X},
  Issue_date               = {April 27, 1993},
  Numpages                 = {25},
  Publisher                = {Elsevier Science Publishers B. V.},
  Url                      = {http://dx.doi.org/10.1016/0166-218X(93)90045-P}
}

@Article{Garcia-Molina:1992:MMD:627289.627538,
  Title                    = {Main Memory Database Systems: An Overview},
  Author                   = {Garcia-Molina, H. and Salem, K.},
  Journal                  = {IEEE Trans. on Knowl. and Data Eng.},
  Year                     = {1992},

  Month                    = dec,
  Number                   = {6},
  Pages                    = {509--516},
  Volume                   = {4},

  Acmid                    = {627538},
  Address                  = {Piscataway, NJ, USA},
  Doi                      = {10.1109/69.180602},
  File                     = {:Quellen/Grundlagen/MainMemoryDatabaseSystemsAnOverview.pdf:PDF},
  ISSN                     = {1041-4347},
  Issue_date               = {December 1992},
  Keywords                 = {concurrency control, disk storage mechanisms, distributed databases, high-speed access, main memory databases, memory residence optimizations, physical memory, relational databases, storage management},
  Numpages                 = {8},
  Publisher                = {IEEE Educational Activities Department},
  Url                      = {http://dx.doi.org/10.1109/69.180602}
}

@MastersThesis{Gehrels:2013,
  Title                    = {{Graphdatenbanksysteme \"Uberblick und Benchmark}},
  Author                   = {Benjamin Gehrels},
  School                   = {HU Berlin},
  Year                     = {2013},

  File                     = {:Quellen/Related Work/diplomarbeit-benjamin-gehrels.pdf:PDF},
  Owner                    = {s1ck},
  Quality                  = {1},
  Timestamp                = {2013.06.12}
}

@Book{DBLP:books/sp/HarderR01,
  Title                    = {Datenbanksysteme: Konzepte und Techniken der Implementierung, 2. Auflage},
  Author                   = {Theo H{\"a}rder and Erhard Rahm},
  Publisher                = {Springer},
  Year                     = {2001},

  Bibsource                = {DBLP, http://dblp.uni-trier.de},
  ISBN                     = {3-540-42133-5}
}

@Misc{hartung_paxos,
  Title                    = {{Record Stores und RDBMS}},

  Author                   = {Hartung, Michael},
  HowPublished             = {Vorlesungsskript \url{http://dbs.uni-leipzig.de/file/CDM_SS2012_04_RecordStores.pdf}},
  Month                    = sep,
  Year                     = {2013},

  Owner                    = {s1ck},
  Timestamp                = {2013.09.08},
  Url                      = {\url{http://dbs.uni-leipzig.de/file/CDM_SS2012_04_RecordStores.pdf}}
}

@InCollection{raey,
  Title                    = {Query Language and Access Methods for Graph Databases},
  Author                   = {He, Huahai and Singh, AmbujK.},
  Booktitle                = {Managing and Mining Graph Data},
  Publisher                = {Springer US},
  Year                     = {2010},
  Editor                   = {Aggarwal, Charu C. and Wang, Haixun},
  Pages                    = {125-160},
  Series                   = {Advances in Database Systems},
  Volume                   = {40},

  __markedentry            = {[s1ck:3]},
  Doi                      = {10.1007/978-1-4419-6045-0_4},
  File                     = {:Quellen/Graph Languages/comparison.pdf:PDF},
  ISBN                     = {978-1-4419-6044-3},
  Keywords                 = {Graph query language; Graph algebra; Graph pattern matching},
  Language                 = {English},
  Url                      = {http://dx.doi.org/10.1007/978-1-4419-6045-0_4}
}

@InProceedings{He:2008:GQL:1376616.1376660,
  Title                    = {Graphs-at-a-time: query language and access methods for graph databases},
  Author                   = {He, Huahai and Singh, Ambuj K.},
  Booktitle                = {Proceedings of the 2008 ACM SIGMOD international conference on Management of data},
  Year                     = {2008},

  Address                  = {New York, NY, USA},
  Pages                    = {405--418},
  Publisher                = {ACM},
  Series                   = {SIGMOD '08},

  Acmid                    = {1376660},
  Doi                      = {10.1145/1376616.1376660},
  File                     = {:Quellen/Graph Languages/gql_camera.pdf:PDF},
  ISBN                     = {978-1-60558-102-6},
  Keywords                 = {graph algebra, graph query language, query optimization},
  Location                 = {Vancouver, Canada},
  Numpages                 = {14},
  Url                      = {http://doi.acm.org/10.1145/1376616.1376660}
}

@InProceedings{Holzschuher:2013:PGQ:2457317.2457351,
  Title                    = {Performance of graph query languages: comparison of cypher, gremlin and native access in Neo4j},
  Author                   = {Holzschuher, Florian and Peinl, Ren{\'e}},
  Booktitle                = {Proceedings of the Joint EDBT/ICDT 2013 Workshops},
  Year                     = {2013},

  Address                  = {New York, NY, USA},
  Pages                    = {195--204},
  Publisher                = {ACM},
  Series                   = {EDBT '13},

  Acmid                    = {2457351},
  Doi                      = {10.1145/2457317.2457351},
  File                     = {:Quellen/Related Work/p195-holzschuher.pdf:PDF},
  ISBN                     = {978-1-4503-1599-9},
  Keywords                 = {Neo4j, NoSQL, benchmarks, graph databases, graph query processing and performance optimization, graph query processing for social networks},
  Location                 = {Genoa, Italy},
  Numpages                 = {10},
  Url                      = {http://doi.acm.org/10.1145/2457317.2457351}
}

@Misc{AllegroGraph_web,
  Title                    = {AllegroGraph},

  Author                   = {Franz Inc.},
  HowPublished             = {\url{http://www.franz.com/agraph/allegrograph/}},
  Month                    = jun,

  Owner                    = {s1ck},
  Quality                  = {1},
  Timestamp                = {2013.06.12}
}

@Misc{INSNA_web,
  Title                    = {International Network for Social Network Analysis},

  Author                   = {INSNA},
  HowPublished             = {\url{http://insna.org/}},
  Month                    = jun,

  Owner                    = {s1ck},
  Quality                  = {1},
  Timestamp                = {2013.06.12}
}

@InProceedings{Iordanov:2010:HGG:1927585.1927589,
  Title                    = {HyperGraphDB: a generalized graph database},
  Author                   = {Iordanov, Borislav},
  Booktitle                = {Proceedings of the 2010 international conference on Web-age information management},
  Year                     = {2010},

  Address                  = {Berlin, Heidelberg},
  Pages                    = {25--36},
  Publisher                = {Springer-Verlag},
  Series                   = {WAIM'10},

  Acmid                    = {1927589},
  File                     = {:Quellen/Graph Systems/HypergraphDB/hypergraphdb.pdf:PDF},
  ISBN                     = {3-642-16719-5, 978-3-642-16719-5},
  Keywords                 = {database, distributed, hypergraph, knowledge representation, semantic web},
  Location                 = {Jiuzhaigou Valley, China},
  Numpages                 = {12},
  Url                      = {http://dl.acm.org/citation.cfm?id=1927585.1927589}
}

@Article{10.1109/ICDEW.2012.49,
  Title                    = {Design of Declarative Graph Query Languages: On the Choice between Value, Pattern and Object Based Representations for Graphs},
  Author                   = {Hasan M. Jamil},
  Journal                  = {Data Engineering Workshops, 22nd International Conference on},
  Year                     = {2012},
  Pages                    = {178-185},
  Volume                   = {0},

  Address                  = {Los Alamitos, CA, USA},
  Doi                      = {http://doi.ieeecomputersociety.org/10.1109/ICDEW.2012.49},
  File                     = {:Quellen/Graph Languages/Design_of_Declarative_GQL.pdf:PDF},
  ISBN                     = {978-1-4673-1640-8},
  Publisher                = {IEEE Computer Society}
}

@Book{kaufmann2001drawing,
  Title                    = {Drawing Graphs: Methods and Models},
  Author                   = {Kaufmann, M. and Wagner, D.},
  Publisher                = {Springer},
  Year                     = {2001},
  Series                   = {Lecture Notes in Computer Science},

  ISBN                     = {9783540420620},
  Lccn                     = {01031295},
  Url                      = {http://books.google.de/books?id=\_2qjR\_uM69sC}
}

@Book{kemper2006datenbanksysteme,
  Title                    = {Datenbanksysteme: eine Einf{\"u}hrung},
  Author                   = {Kemper, A. and Eickler, A.},
  Publisher                = {Oldenbourg},
  Year                     = {2006},

  ISBN                     = {9783486576900},
  Url                      = {http://books.google.de/books?id=YezXpIacjkgC}
}

@InProceedings{Lakshman:2009:CSS:1582716.1582722,
  Title                    = {Cassandra: structured storage system on a P2P network},
  Author                   = {Lakshman, Avinash and Malik, Prashant},
  Booktitle                = {Proceedings of the 28th ACM symposium on Principles of distributed computing},
  Year                     = {2009},

  Address                  = {New York, NY, USA},
  Pages                    = {5--5},
  Publisher                = {ACM},
  Series                   = {PODC '09},

  Acmid                    = {1582722},
  Doi                      = {10.1145/1582716.1582722},
  File                     = {:Quellen/Graph Systems/Titan/lakshman-ladis2009.pdf:PDF},
  ISBN                     = {978-1-60558-396-9},
  Keywords                 = {distributed databases, distributed storage system, eventual consistency},
  Location                 = {Calgary, AB, Canada},
  Numpages                 = {1},
  Url                      = {http://doi.acm.org/10.1145/1582716.1582722}
}

@Misc{snap_amazon:2013,
  Title                    = {{Stanford Network Analysis Project - Amazon product co-purchasing network metadata}},

  Author                   = {Jure Leskovec},
  HowPublished             = {\url{http://memetracker.org/data/amazon-meta.html}},
  Month                    = oct,
  Year                     = {2013},

  Owner                    = {s1ck},
  Timestamp                = {2013.09.10}
}

@Misc{snap_pokec:2013,
  Title                    = {{Stanford Network Analysis Project - Pokec social network}},

  Author                   = {Jure Leskovec},
  HowPublished             = {\url{http://memetracker.org/data/soc-pokec.html}},
  Month                    = oct,
  Year                     = {2013},

  Owner                    = {s1ck},
  Timestamp                = {2013.09.10}
}

@InProceedings{Libkin:2013:QGD:2448496.2448513,
  Title                    = {Querying graph databases with XPath},
  Author                   = {Libkin, Leonid and Martens, Wim and Vrgo\v{c}, Domagoj},
  Booktitle                = {Proceedings of the 16th International Conference on Database Theory},
  Year                     = {2013},

  Address                  = {New York, NY, USA},
  Pages                    = {129--140},
  Publisher                = {ACM},
  Series                   = {ICDT '13},

  Acmid                    = {2448513},
  Doi                      = {10.1145/2448496.2448513},
  File                     = {:Quellen/Graph Languages/gxp.pdf:PDF},
  ISBN                     = {978-1-4503-1598-2},
  Keywords                 = {XPath, data values, graph databases},
  Location                 = {Genoa, Italy},
  Numpages                 = {12},
  Url                      = {http://doi.acm.org/10.1145/2448496.2448513}
}

@InProceedings{Lin:2009:DTP:1620950.1620951,
  Title                    = {Data-intensive text processing with MapReduce},
  Author                   = {Lin, Jimmy and Dyer, Chris},
  Booktitle                = {Proceedings of Human Language Technologies: The 2009 Annual Conference of the North American Chapter of the Association for Computational Linguistics, Companion Volume: Tutorial Abstracts},
  Year                     = {2009},

  Address                  = {Stroudsburg, PA, USA},
  Pages                    = {1--2},
  Publisher                = {Association for Computational Linguistics},
  Series                   = {NAACL-Tutorials '09},

  Acmid                    = {1620951},
  Location                 = {Boulder, Colorado},
  Numpages                 = {2},
  Url                      = {http://dl.acm.org/citation.cfm?id=1620950.1620951}
}

@InProceedings{Malewicz:2010:PSL:1807167.1807184,
  Title                    = {Pregel: a system for large-scale graph processing},
  Author                   = {Malewicz, Grzegorz and Austern, Matthew H. and Bik, Aart J.C and Dehnert, James C. and Horn, Ilan and Leiser, Naty and Czajkowski, Grzegorz},
  Booktitle                = {Proceedings of the 2010 ACM SIGMOD International Conference on Management of data},
  Year                     = {2010},

  Address                  = {New York, NY, USA},
  Pages                    = {135--146},
  Publisher                = {ACM},
  Series                   = {SIGMOD '10},

  Acmid                    = {1807184},
  Doi                      = {10.1145/1807167.1807184},
  File                     = {:Quellen/Graph Systems/Google Pregel/p135-malewicz.pdf:PDF},
  ISBN                     = {978-1-4503-0032-2},
  Keywords                 = {distributed computing, graph algorigthms},
  Location                 = {Indianapolis, Indiana, USA},
  Numpages                 = {12},
  Url                      = {http://doi.acm.org/10.1145/1807167.1807184}
}

@Article{DBLP:journals/dlib/Miller98,
  Title                    = {An Introduction to the Resource Description Framework},
  Author                   = {Eric Miller},
  Journal                  = {D-Lib Magazine},
  Year                     = {1998},
  Number                   = {5},
  Volume                   = {4},

  Bibsource                = {DBLP, http://dblp.uni-trier.de},
  Ee                       = {http://www.dlib.org/dlib/may98/miller/05miller.html},
  File                     = {:Quellen/RDF/IntroRsource.pdf:PDF}
}

@InProceedings{Najork:2012:HNE:2124295.2124310,
  Title                    = {Of hammers and nails: an empirical comparison of three paradigms for processing large graphs},
  Author                   = {Najork, Marc and Fetterly, Dennis and Halverson, Alan and Kenthapadi, Krishnaram and Gollapudi, Sreenivas},
  Booktitle                = {Proceedings of the fifth ACM international conference on Web search and data mining},
  Year                     = {2012},

  Address                  = {New York, NY, USA},
  Pages                    = {103--112},
  Publisher                = {ACM},
  Series                   = {WSDM '12},

  Acmid                    = {2124310},
  Doi                      = {10.1145/2124295.2124310},
  File                     = {:Quellen/Related Work/hammers_nails.pdf:PDF},
  ISBN                     = {978-1-4503-0747-5},
  Keywords                 = {data-parallel computing, databases, graph algorithms, graph servers, very large graphs},
  Location                 = {Seattle, Washington, USA},
  Numpages                 = {10},
  Url                      = {http://doi.acm.org/10.1145/2124295.2124310}
}

@Book{Newman:2010:NI:1809753,
  Title                    = {Networks: An Introduction},
  Author                   = {Newman, Mark},
  Publisher                = {Oxford University Press, Inc.},
  Year                     = {2010},

  Address                  = {New York, NY, USA},

  ISBN                     = {0199206651, 9780199206650}
}

@Article{DBLP:journals/omics/Olken03,
  Title                    = {Graph Data Management for Molecular Biology},
  Author                   = {Frank Olken},
  Journal                  = {OMICS},
  Year                     = {2003},
  Number                   = {1},
  Pages                    = {75-78},
  Volume                   = {7},

  Bibsource                = {DBLP, http://dblp.uni-trier.de},
  Ee                       = {http://dx.doi.org/10.1089/153623103322006652},
  File                     = {:Quellen/Domains/Biology/Graph_Data_Management_for_Molecular_Biology.pdf:PDF}
}

@Misc{oracle_bdb:2013,
  Title                    = {{Oracle Berkeley DB Java Edition Getting Started with Berkeley DB Java Edition}},

  Author                   = {Oracle},
  HowPublished             = {\url{http://docs.oracle.com/cd/E17277_02/html/GettingStartedGuide/BerkeleyDB-JE-GSG.pdf}},
  Month                    = sep,
  Year                     = {2013},

  File                     = {:/home/s1ck/Dropbox/Documents/Studium/Masterarbeit/Quellen/Graph Systems/HypergraphDB/BerkeleyDB-JE-GSG.pdf:PDF},
  Owner                    = {s1ck},
  Timestamp                = {2013.09.14}
}

@Misc{Oracle_BerkeleyDB:2013,
  Title                    = {{Oracle Berkeley DB Java Edition}},

  Author                   = {Oracle},
  HowPublished             = {\url{http://www.oracle.com/technetwork/database/berkeleydb/overview/index-093405.html}},
  Month                    = sep,
  Year                     = {2013},

  Owner                    = {s1ck},
  Timestamp                = {2013.08.07}
}

@Misc{oracle_weak_references:2013,
  Title                    = {{Java PlatformStandard Ed. 7 - Class WeakReference<T>}},

  Author                   = {Oracle},
  HowPublished             = {\url{http://docs.oracle.com/javase/7/docs/api/java/lang/ref/WeakReference.html}},
  Month                    = sep,
  Year                     = {2013},

  File                     = {:/home/s1ck/Dropbox/Documents/Studium/Masterarbeit/Quellen/Graph Systems/HypergraphDB/BerkeleyDB-JE-GSG.pdf:PDF},
  Owner                    = {s1ck},
  Timestamp                = {2013.09.14}
}

@Misc{oracle:2013,
  Title                    = {{Oracle Berkeley DB Java Edition Getting Started with Transaction Processing}},

  Author                   = {Oracle},
  HowPublished             = {\url{http://download.oracle.com/berkeley-db/docs/je/3.2.76/TransactionGettingStarted/BerkeleyDB-JE-Txn.pdf}},
  Month                    = sep,
  Year                     = {2013},

  File                     = {:/home/s1ck/Dropbox/Documents/Studium/Masterarbeit/Quellen/Graph Systems/HypergraphDB/BerkeleyDB-JE-Txn.pdf:PDF},
  Owner                    = {s1ck},
  Timestamp                = {2013.09.14}
}

@Book{ottmann2002algorithmen,
  Title                    = {Algorithmen und Datenstrukturen},
  Author                   = {Ottmann, T. and Widmayer, P.},
  Publisher                = {Spektrum-Akademischer Vlg},
  Year                     = {2002},
  Series                   = {Spektrum-Lehrbuch},

  ISBN                     = {9783827410290},
  Url                      = {http://books.google.de/books?id=QvbaAAAACAAJ}
}

@Book{plattner2011memory,
  Title                    = {In-Memory Data Management: An Inflection Point for Enterprise Applications},
  Author                   = {Plattner, Hasso and Zeier, Alexander},
  Publisher                = {Springer Berlin Heidelberg},
  Year                     = {2011},
  Series                   = {IT Pro},

  ISBN                     = {9783642193637},
  Url                      = {http://books.google.de/books?id=YDB2lf9PZKwC}
}

@Misc{hypergraphdb_interview:2010,
  Title                    = {What is HyperGraphDB?},

  Author                   = {Popescu, Alex},
  HowPublished             = {\url{http://nosql.mypopescu.com/post/942594519/what-is-hypergraphdb}},
  Month                    = sep,
  Year                     = {2013},

  Owner                    = {s1ck},
  Timestamp                = {2013.08.07}
}

@Misc{hypergraphdb_presentation:2010,
  Title                    = {{HyperGraphDB - Data Management for Complex Systems}},

  Author                   = {Popescu, Alex},
  HowPublished             = {\url{http://www.hypergraphdb.org/docs/HyperGraphDB-Presentation.pdf}},
  Month                    = sep,
  Year                     = {2013},

  Owner                    = {s1ck},
  Timestamp                = {2013.08.07}
}

@Misc{rahm_dwh,
  Title                    = {{Data Warehouses}},

  Author                   = {Rahm, Erhard},
  HowPublished             = {Vorlesungsskript \url{http://dbs.uni-leipzig.de/file/dw-ss12-kap1.pdf}},
  Month                    = sep,
  Year                     = {2013},

  Owner                    = {s1ck},
  Timestamp                = {2013.09.08},
  Url                      = {\url{http://dbs.uni-leipzig.de/file/CDM_SS2012_04_RecordStores.pdf}}
}

@Misc{rahm_masterslave,
  Title                    = {{R}eplizierte {D}atenbanken},

  Author                   = {Rahm, Erhard},
  HowPublished             = {Vorlesungsskript \url{http://dbs.uni-leipzig.de/file/mrdbs-ws11-kap7.pdf}},
  Month                    = sep,
  Year                     = {2013},

  Url                      = {\url{http://dbs.uni-leipzig.de/file/mrdbs-ws11-kap7.pdf}}
}

@Book{rahm1994mehrrechner,
  Title                    = {Mehrrechner-Datenbanksysteme},
  Author                   = {Rahm, Erhard},
  Publisher                = {Addison-Wesley},
  Year                     = {1994},

  ISBN                     = {9783893197026},
  Url                      = {http://books.google.de/books?id=iJK32HBjzhYC}
}

@Book{semantische_netze:2010,
  Title                    = {Kompendium semantische Netze: Konzepte, Technologie, Modellierung},
  Author                   = {Klaus Reichenberger},
  Publisher                = {Springer, Berlin},
  Year                     = {2010}
}

@InProceedings{Ritter:2012:NML:2187980.2188233,
  Title                    = {From network mining to large scale business networks},
  Author                   = {Ritter, Daniel},
  Booktitle                = {Proceedings of the 21st international conference companion on World Wide Web},
  Year                     = {2012},

  Address                  = {New York, NY, USA},
  Pages                    = {989--996},
  Publisher                = {ACM},
  Series                   = {WWW '12 Companion},

  Acmid                    = {2188233},
  Doi                      = {10.1145/2187980.2188233},
  File                     = {:Quellen/Related Work/p989.pdf:PDF},
  ISBN                     = {978-1-4503-1230-1},
  Keywords                 = {business network management, linked (business) data, network mining},
  Location                 = {Lyon, France},
  Numpages                 = {8},
  Url                      = {http://doi.acm.org/10.1145/2187980.2188233}
}

@Book{robinson2013graph,
  Title                    = {Graph Databases},
  Author                   = {Robinson, Ian and Webber, Jim and Eifrem, Emil},
  Publisher                = {O'Reilly Media, Incorporated},
  Year                     = {2013},

  File                     = {:/home/s1ck/Dropbox/Paper/GraphDatabases.pdf:PDF},
  ISBN                     = {9781449356262},
  Url                      = {http://books.google.de/books?id=RTvAmQEACAAJ}
}

@Misc{Rodriguez_Traversal:2011,
  Title                    = {Graph Pattern Matching with Gremlin 1.1},

  Author                   = {Marko A. Rodriguez},
  HowPublished             = {\url{http://markorodriguez.com/2011/06/15/graph-pattern-matching-with-gremlin-1-1/}},
  Month                    = aug,
  Year                     = {2013},

  Owner                    = {s1ck},
  Timestamp                = {2013.08.07}
}

@Article{DBLP:journals/corr/abs-1004-1001,
  Title                    = {The Graph Traversal Pattern},
  Author                   = {Marko A. Rodriguez and Peter Neubauer},
  Journal                  = {CoRR},
  Year                     = {2010},
  Volume                   = {abs/1004.1001},

  Abstract                 = {A graph is a structure composed of a set of vertices (i.e.nodes, dots) connected to one another by a set of edges (i.e.links, lines). The concept of a graph has been around since the late 19$^\text{th}$ century, however, only in recent decades has there been a strong resurgence in both theoretical and applied graph research in mathematics, physics, and computer science. In applied computing, since the late 1960s, the interlinked table structure of the relational database has been the predominant information storage and retrieval model. With the growth of graph/network-based data and the need to efficiently process such data, new data management systems have been developed. In contrast to the index-intensive, set-theoretic operations of relational databases, graph databases make use of index-free, local traversals. This article discusses the graph traversal pattern and its use in computing.},
  Bibsource                = {DBLP, http://dblp.uni-trier.de},
  Ee                       = {http://arxiv.org/abs/1004.1001},
  File                     = {:Quellen/Graph Operations/Graph Traversal/The_Graph_Traversal_Pattern.pdf:PDF}
}

@Article{DBLP:journals/corr/abs-1006-2361,
  Title                    = {Constructions from Dots and Lines},
  Author                   = {Marko A. Rodriguez and Peter Neubauer},
  Journal                  = {CoRR},
  Year                     = {2010},
  Volume                   = {abs/1006.2361},

  Abstract                 = {A graph is a data structure composed of dots (i.e. vertices) and lines (i.e. edges). The dots and lines of a graph can be organized into intricate arrangements. The ability for a graph to denote objects and their relationships to one another allow for a surprisingly large number of things to be modeled as a graph. From the dependencies that link software packages to the wood beams that provide the framing to a house, most anything has a corresponding graph representation. However, just because it is possible to represent something as a graph does not necessarily mean that its graph representation will be useful. If a modeler can leverage the plethora of tools and algorithms that store and process graphs, then such a mapping is worthwhile. This article explores the world of graphs in computing and exposes situations in which graphical models are beneficial.},
  Bibsource                = {DBLP, http://dblp.uni-trier.de},
  Ee                       = {http://arxiv.org/abs/1006.2361},
  File                     = {:Quellen/Property Graph Model/Construction_from_Dots_and_Lines.pdf:PDF}
}

@Article{DBLP:journals/corr/abs-1011-0390,
  Title                    = {A Path Algebra for Multi-Relational Graphs},
  Author                   = {Marko A. Rodriguez and Peter Neubauer},
  Journal                  = {CoRR},
  Year                     = {2010},
  Volume                   = {abs/1011.0390},

  Bibsource                = {DBLP, http://dblp.uni-trier.de},
  Ee                       = {http://arxiv.org/abs/1011.0390},
  File                     = {:Quellen/Graph Languages/1011.0390v1.pdf:PDF}
}

@InProceedings{Sakr:2012:GHE:2396761.2396806,
  Title                    = {G-SPARQL: a hybrid engine for querying large attributed graphs},
  Author                   = {Sakr, Sherif and Elnikety, Sameh and He, Yuxiong},
  Booktitle                = {Proceedings of the 21st ACM international conference on Information and knowledge management},
  Year                     = {2012},

  Address                  = {New York, NY, USA},
  Pages                    = {335--344},
  Publisher                = {ACM},
  Series                   = {CIKM '12},

  Acmid                    = {2396806},
  Doi                      = {10.1145/2396761.2396806},
  File                     = {:Quellen/Graph Languages/gsparql.cikm2012.pdf:PDF},
  ISBN                     = {978-1-4503-1156-4},
  Keywords                 = {graphs, query, sparql},
  Location                 = {Maui, Hawaii, USA},
  Numpages                 = {10},
  Url                      = {http://doi.acm.org/10.1145/2396761.2396806}
}

@Article{61401844,
  Title                    = {The Trinity Graph Engine},
  Author                   = {Bin Shao and Haixun Wang and Yatao Li},
  Year                     = {2012},

  File                     = {:Quellen/Graph Systems/Microsoft Trinity/trinity.pdf:PDF},
  Masid                    = {61401844}
}

@InProceedings{Shao:2012:MML:2213836.2213907,
  Title                    = {Managing and mining large graphs: systems and implementations},
  Author                   = {Shao, Bin and Wang, Haixun and Xiao, Yanghua},
  Booktitle                = {Proceedings of the 2012 ACM SIGMOD International Conference on Management of Data},
  Year                     = {2012},

  Address                  = {New York, NY, USA},
  Pages                    = {589--592},
  Publisher                = {ACM},
  Series                   = {SIGMOD '12},

  Acmid                    = {2213907},
  Doi                      = {10.1145/2213836.2213907},
  File                     = {:Quellen/Related Work/mod517t-shao.pdf:PDF},
  ISBN                     = {978-1-4503-1247-9},
  Keywords                 = {distributed graph system, graph database, memory cloud, nosql},
  Location                 = {Scottsdale, Arizona, USA},
  Numpages                 = {4},
  Url                      = {http://doi.acm.org/10.1145/2213836.2213907}
}

@InProceedings{Shasha:2002:AAT:543613.543620,
  Title                    = {Algorithmics and applications of tree and graph searching},
  Author                   = {Shasha, Dennis and Wang, Jason T. L. and Giugno, Rosalba},
  Booktitle                = {Proceedings of the twenty-first ACM SIGMOD-SIGACT-SIGART symposium on Principles of database systems},
  Year                     = {2002},

  Address                  = {New York, NY, USA},
  Pages                    = {39--52},
  Publisher                = {ACM},
  Series                   = {PODS '02},

  Acmid                    = {543620},
  Doi                      = {10.1145/543613.543620},
  File                     = {:Quellen/Graph Operations/pods2002.pdf:PDF},
  ISBN                     = {1-58113-507-6},
  Location                 = {Madison, Wisconsin},
  Numpages                 = {14},
  Url                      = {http://doi.acm.org/10.1145/543613.543620}
}

@Article{Silberschatz:1996:DM:234313.234360,
  Title                    = {Data models},
  Author                   = {Silberschatz, Avi and Korth, Henry F. and Sudarshan, S.},
  Journal                  = {ACM Comput. Surv.},
  Year                     = {1996},

  Month                    = mar,
  Number                   = {1},
  Pages                    = {105--108},
  Volume                   = {28},

  Acmid                    = {234360},
  Address                  = {New York, NY, USA},
  Doi                      = {10.1145/234313.234360},
  File                     = {:Quellen/Property Graph Model/p105-silberschatz.pdf:PDF},
  ISSN                     = {0360-0300},
  Issue_date               = {March 1996},
  Numpages                 = {4},
  Publisher                = {ACM},
  Url                      = {http://doi.acm.org/10.1145/234313.234360}
}

@Article{10.1109/ICDEW.2012.56,
  Title                    = {Mining Associations Using Directed Hypergraphs},
  Author                   = {Ramanuja Simha and Rahul Tripathi and Mayur Thakur},
  Journal                  = {Data Engineering Workshops, 22nd International Conference on},
  Year                     = {2012},
  Pages                    = {190-197},
  Volume                   = {0},

  Address                  = {Los Alamitos, CA, USA},
  Doi                      = {http://doi.ieeecomputersociety.org/10.1109/ICDEW.2012.56},
  File                     = {:Quellen/Graph Mining/Mining_Associations_Using_Directed_Hypergraphs.pdf:PDF},
  ISBN                     = {978-1-4673-1640-8},
  Publisher                = {IEEE Computer Society}
}

@Misc{HGDB_business_applications:2012,
  Title                    = {{HyperGraphDB 1.2 Final Released}},

  Author                   = {Kobrix Software},
  HowPublished             = {\url{http://www.hypergraphdb.org/blog?entry=http://www.blogger.com/feeds/1980461574999551012/posts/default/173304913295485825}},
  Month                    = sep,
  Year                     = {2013},

  Owner                    = {s1ck},
  Timestamp                = {2013.09.10}
}

@Misc{HGDB_subsume:2013,
  Title                    = {{RefCustomTypes - How to develop a custom type}},

  Author                   = {Kobrix Software},
  HowPublished             = {\url{http://www.neo4j.org/develop/drivers}},
  Month                    = sep,
  Year                     = {2013},

  Owner                    = {s1ck},
  Timestamp                = {2013.08.07}
}

@Misc{hypergraph_db_docu:2013,
  Title                    = {HyperGraphDB Documentation},

  Author                   = {Kobrix Software},
  HowPublished             = {\url{http://www.hypergraphdb.org/learn}},
  Month                    = sep,
  Year                     = {2013},

  Owner                    = {s1ck},
  Timestamp                = {2013.08.07}
}

@Misc{SQL_92:2013,
  Title                    = {{Information Technology - Database Language SQL}},

  Author                   = {International Organization for Standardization},
  HowPublished             = {\url{http://www.contrib.andrew.cmu.edu/~shadow/sql/sql1992.txt}},
  Month                    = sep,
  Year                     = {2013},

  Owner                    = {s1ck},
  Timestamp                = {2013.08.07}
}

@Book{Tanenbaum:2002:CN:572404,
  Title                    = {Computer Networks},
  Author                   = {Tanenbaum, Andrew},
  Publisher                = {Prentice Hall Professional Technical Reference},
  Year                     = {2002},
  Edition                  = {4th},

  ISBN                     = {0130661023}
}

@Misc{Neo4j_drivers:2013,
  Title                    = {Language Drivers},

  Author                   = {Neo Technologies},
  HowPublished             = {\url{http://www.neo4j.org/develop/drivers}},
  Month                    = sep,
  Year                     = {2013},

  Owner                    = {s1ck},
  Timestamp                = {2013.08.07}
}

@Misc{Neo4j_manual:2013,
  Title                    = {The Neo4j Manual v2.0.0-M04},

  Author                   = {Neo Technologies},
  HowPublished             = {\url{http://docs.neo4j.org/chunked/2.0.0-M04/}},
  Month                    = sep,
  Year                     = {2013},

  Owner                    = {s1ck},
  Timestamp                = {2013.08.07}
}

@Misc{Neo4j_web_labels:2013,
  Title                    = {Labels and Indexes in Neo4j 2.0},

  Author                   = {Neo Technologies},
  HowPublished             = {\url{http://www.neo4j.org/develop/labels}},
  Month                    = aug,
  Year                     = {2013},

  Owner                    = {s1ck},
  Timestamp                = {2013.08.07}
}

@Misc{Neo4j_web_release_notes:2013,
  Title                    = {Neo4j Release Notes},

  Author                   = {Neo Technologies},
  HowPublished             = {\url{http://www.neo4j.org/release-notes}},
  Month                    = jun,
  Year                     = {2013}
}

@Misc{Neo4j_web_v2:2013,
  Title                    = {New Milestone Release Neo4j 2.0.0-M03},

  Author                   = {Neo Technologies},
  HowPublished             = {\url{http://blog.neo4j.org/2013/05/new-milestone-release-neo4j-200-m03.html}},
  Month                    = jun,
  Year                     = {2013}
}

@Misc{Neo4j_web:2013,
  Title                    = {Neo4j, the Graph Database},

  Author                   = {Neo Technologies},
  HowPublished             = {\url{http://http://www.neo4j.org/release-notes}},
  Month                    = jun,
  Year                     = {2013}
}

@Misc{Orient_acid:2013,
  Title                    = {{OrientDB Google User Group - Question concerning ACID}},

  Author                   = {Orient Technologies},
  HowPublished             = {\url{https://groups.google.com/forum/\#!topic/orient-database/Dg751Snnm-U}},
  Month                    = sep,
  Year                     = {2013},

  Owner                    = {s1ck},
  Timestamp                = {2013.08.07}
}

@Misc{Orient_doku:2013,
  Title                    = {{Reference Documentation}},

  Author                   = {Orient Technologies},
  HowPublished             = {\url{https://github.com/orientechnologies/orientdb/wiki}},
  Month                    = sep,
  Year                     = {2013},

  Owner                    = {s1ck},
  Timestamp                = {2013.08.07}
}

@Book{tesorierogetting,
  Title                    = {Getting Started with OrientDB},
  Author                   = {Tesoriero, C.},
  Publisher                = {Packt Publishing Ltd},
  Year                     = {2013},

  File                     = {:Quellen/Graph Systems/OrientDB/Getting Started with OrientDB [eBook].pdf:PDF},
  ISBN                     = {9781782169963},
  Url                      = {http://books.google.de/books?id=nUD3fWJ3u\_8C}
}

@Misc{titan_bench:2013,
  Title                    = {{Educating the Planet with Pearson}},

  Author                   = {Thinkaurelius},
  HowPublished             = {\url{http://thinkaurelius.com/2013/05/13/educating-the-planet-with-pearson/}},
  Month                    = sep,
  Year                     = {2013},

  Owner                    = {s1ck},
  Timestamp                = {2013.08.07}
}

@Misc{titan_doku:2013,
  Title                    = {{Titan - Documentation}},

  Author                   = {Thinkaurelius},
  HowPublished             = {\url{https://github.com/thinkaurelius/titan/wiki}},
  Month                    = sep,
  Year                     = {2013},

  Owner                    = {s1ck},
  Timestamp                = {2013.08.07}
}

@Misc{titan_mail:2013,
  Title                    = {{Titan Google User Group}},

  Author                   = {Thinkaurelius},
  HowPublished             = {\url{https://groups.google.com/forum/?hl=de\#!forum/aureliusgraphs}},
  Month                    = sep,
  Year                     = {2013},

  Owner                    = {s1ck},
  Timestamp                = {2013.08.07}
}

@InProceedings{Tian:2008:EAG:1376616.1376675,
  Title                    = {Efficient aggregation for graph summarization},
  Author                   = {Tian, Yuanyuan and Hankins, Richard A. and Patel, Jignesh M.},
  Booktitle                = {Proceedings of the 2008 ACM SIGMOD international conference on Management of data},
  Year                     = {2008},

  Address                  = {New York, NY, USA},
  Pages                    = {567--580},
  Publisher                = {ACM},
  Series                   = {SIGMOD '08},

  Acmid                    = {1376675},
  Doi                      = {10.1145/1376616.1376675},
  File                     = {:Quellen/Graph Operations/Graph Summarization/summarization.pdf:PDF},
  ISBN                     = {978-1-60558-102-6},
  Keywords                 = {aggregation, graphs, social networks, summarization},
  Location                 = {Vancouver, Canada},
  Numpages                 = {14},
  Url                      = {http://doi.acm.org/10.1145/1376616.1376675}
}

@Misc{gremlin_doku:2013,
  Title                    = {{Titan - Documentation}},

  Author                   = {TinkerPop},
  HowPublished             = {\url{https://github.com/tinkerpop/gremlin/wiki}},
  Month                    = sep,
  Year                     = {2013},

  Owner                    = {s1ck},
  Timestamp                = {2013.08.07}
}

@InProceedings{Vicknair:2010:CGD:1900008.1900067,
  Title                    = {A comparison of a graph database and a relational database: a data provenance perspective},
  Author                   = {Vicknair, Chad and Macias, Michael and Zhao, Zhendong and Nan, Xiaofei and Chen, Yixin and Wilkins, Dawn},
  Booktitle                = {Proceedings of the 48th Annual Southeast Regional Conference},
  Year                     = {2010},

  Address                  = {New York, NY, USA},
  Pages                    = {42:1--42:6},
  Publisher                = {ACM},
  Series                   = {ACM SE '10},

  __markedentry            = {[s1ck:1]},
  Acmid                    = {1900067},
  Articleno                = {42},
  Doi                      = {10.1145/1900008.1900067},
  File                     = {:Quellen/Related Work/a42-vicknair.pdf:PDF},
  ISBN                     = {978-1-4503-0064-3},
  Location                 = {Oxford, Mississippi},
  Numpages                 = {6},
  Review                   = {Vergleich Neo4j v1.0b vs. MySQL 5.1 Schema: Data Lineage (Herkunft)
Objektiver Vergleich: - Speicherverbrauch - Neo durchschnittlich 1.25x - 2x höherer Speicherverbrauch (interessant? - nein) - Strukturelle Queries: - Finden von Orphans (Knoten ohne Kanten) - Traversal bis Tiefe 4 / 128 und Zählen erreichbarer Knoten - Data Queries: - Payload an Knoten (Integer, 8KB und 32KB Strings) - Equality und Less Than Tests auf Integers - Contains queries auf Strings
Ergebnisse: - Neo besser für strukturelle Queries - MySQL besser bei Data Queries, da Datentyp berücksichtigt wird (bei Neo alles via Lucene) - Neo besser bei Exact Match mit realen Wörtern (aus Wörterbuch)
Subjektiver Vergleiche: - Reifegrad / Support - MySQL deutlich gereifter durch langjährigen Produktiveinsatz - MySQL viel größere Community, Folgerung: größerer Support - Relationale Datenbanken haben gemeinsame Sprache - Ease of Programming - SQL natürlich viel verbreiteter und einfacher als native API - GraphDBs sind sprach-spezifisch und haben eigene APIs - Wechsel zwischen verschiedenen Graphdatenbanken ist schwieriger als bei SQL-kompatiblen Datenbanken - Traversals sind einfach in Neo4j - einfache Retrievals (mit WHERE) sind einfach in MySQL - Flexibilität - Neo schlecht anpassbar, da API - Neo flexibleres Datenmodell da unstrukturiert und kein Schema (Integrität) - Sicherheit! - Nutzerverwaltung / Sicherheit bei Neo über Applikation gesteuert
Wichtiges:
- wie in "A Comparison of Current Graph Database Models" wird die fehlende einheitliche Sprache als großes Defizit aufgezeigt},
  Url                      = {http://doi.acm.org/10.1145/1900008.1900067}
}

@Article{Vogels:2009:EC:1435417.1435432,
  Title                    = {Eventually consistent},
  Author                   = {Vogels, Werner},
  Journal                  = {Commun. ACM},
  Year                     = {2009},

  Month                    = jan,
  Number                   = {1},
  Pages                    = {40--44},
  Volume                   = {52},

  Acmid                    = {1435432},
  Address                  = {New York, NY, USA},
  Doi                      = {10.1145/1435417.1435432},
  File                     = {:Quellen/Grundlagen/p14-vogels.pdf:PDF},
  ISSN                     = {0001-0782},
  Issue_date               = {January 2009},
  Numpages                 = {5},
  Publisher                = {ACM},
  Url                      = {http://doi.acm.org/10.1145/1435417.1435432}
}

@Book{vossen2008datenmodelle,
  Title                    = {Datenmodelle, Datenbanksprachen und Datenbankmanagementsysteme},
  Author                   = {Vossen, G.},
  Publisher                = {Oldenbourg Wissensch.Vlg},
  Year                     = {2008},

  ISBN                     = {9783486275742},
  Url                      = {http://books.google.de/books?id=\_Z0DTXSJHfwC}
}

@Misc{Inference:2013,
  Title                    = {Inference},

  Author                   = {W3C},
  HowPublished             = {\url{http://www.w3.org/standards/semanticweb/inference}},
  Month                    = aug,
  Year                     = {2013},

  Owner                    = {s1ck},
  Timestamp                = {2013.08.07}
}

@Misc{linked_data:2013,
  Title                    = {Linked Data},

  Author                   = {W3C},
  HowPublished             = {\url{http://www.w3.org/standards/semanticweb/data}},
  Month                    = aug,
  Year                     = {2013},

  Owner                    = {s1ck},
  Timestamp                = {2013.08.07}
}

@Misc{prop_paths:2013,
  Title                    = {SPARQL 1.1 Property Paths},

  Author                   = {W3C},
  HowPublished             = {\url{http://www.w3.org/TR/2010/WD-sparql11-property-paths-20100126/}},
  Month                    = aug,
  Year                     = {2013},

  Owner                    = {s1ck},
  Timestamp                = {2013.08.07}
}

@Misc{RDF:2013,
  Title                    = {Resource Description Framework},

  Author                   = {W3C},
  HowPublished             = {\url{http://www.w3.org/RDF/}},
  Month                    = aug,
  Year                     = {2013},

  Owner                    = {s1ck},
  Timestamp                = {2013.08.07}
}

@Misc{SEMWEB:2013,
  Title                    = {Semantic Web},

  Author                   = {W3C},
  HowPublished             = {\url{http://www.w3.org/standards/semanticweb/}},
  Month                    = aug,
  Year                     = {2013},

  Owner                    = {s1ck},
  Timestamp                = {2013.08.07}
}

@Misc{SPARQL:2013,
  Title                    = {SPARQL 1.1 Overview},

  Author                   = {W3C},
  HowPublished             = {\url{http://www.w3.org/TR/sparql11-overview/}},
  Month                    = aug,
  Year                     = {2013},

  Owner                    = {s1ck},
  Timestamp                = {2013.08.07}
}

@Article{Watson:2007:CSB:1300761.1301970,
  Title                    = {The Current State of Business Intelligence},
  Author                   = {Watson, Hugh J. and Wixom, Barbara H.},
  Journal                  = {Computer},
  Year                     = {2007},

  Month                    = sep,
  Number                   = {9},
  Pages                    = {96--99},
  Volume                   = {40},

  Acmid                    = {1301970},
  Address                  = {Los Alamitos, CA, USA},
  Doi                      = {10.1109/MC.2007.331},
  File                     = {:/home/s1ck/Dropbox/Documents/Studium/Masterarbeit/Quellen/Business Intelligence/Watson and Wixom IEEEComputer.pdf:PDF},
  ISSN                     = {0018-9162},
  Issue_date               = {September 2007},
  Keywords                 = {IT systems perspectives, IT systems perspectives, business intelligence, business intelligence},
  Numpages                 = {4},
  Publisher                = {IEEE Computer Society Press},
  Url                      = {http://dx.doi.org/10.1109/MC.2007.331}
}

@InProceedings{Webber:2012:PIN:2384716.2384777,
  Title                    = {A programmatic introduction to Neo4j},
  Author                   = {Webber, Jim},
  Booktitle                = {Proceedings of the 3rd annual conference on Systems, programming, and applications: software for humanity},
  Year                     = {2012},

  Address                  = {New York, NY, USA},
  Pages                    = {217--218},
  Publisher                = {ACM},
  Series                   = {SPLASH '12},

  Acmid                    = {2384777},
  Doi                      = {10.1145/2384716.2384777},
  File                     = {:Quellen/Graph Systems/Neo4j/p217-webber.pdf:PDF},
  ISBN                     = {978-1-4503-1563-0},
  Keywords                 = {graph databases, java, jvm, neo4j, nosql},
  Location                 = {Tucson, Arizona, USA},
  Numpages                 = {2},
  Url                      = {http://doi.acm.org/10.1145/2384716.2384777}
}

@Article{Wood:2012:QLG:2206869.2206879,
  Title                    = {Query languages for graph databases},
  Author                   = {Wood, Peter T.},
  Journal                  = {SIGMOD Rec.},
  Year                     = {2012},

  Month                    = apr,
  Number                   = {1},
  Pages                    = {50--60},
  Volume                   = {41},

  Acmid                    = {2206879},
  Address                  = {New York, NY, USA},
  Doi                      = {10.1145/2206869.2206879},
  File                     = {:Quellen/Graph Languages/wood.pdf:PDF},
  ISSN                     = {0163-5808},
  Issue_date               = {March 2012},
  Numpages                 = {11},
  Publisher                = {ACM},
  Url                      = {http://doi.acm.org/10.1145/2206869.2206879}
}

@InProceedings{Yannakakis:1990:GMD:298514.298576,
  Title                    = {Graph-theoretic methods in database theory},
  Author                   = {Yannakakis, Mihalis},
  Booktitle                = {Proceedings of the ninth ACM SIGACT-SIGMOD-SIGART symposium on Principles of database systems},
  Year                     = {1990},

  Address                  = {New York, NY, USA},
  Pages                    = {230--242},
  Publisher                = {ACM},
  Series                   = {PODS '90},

  Acmid                    = {298576},
  Doi                      = {10.1145/298514.298576},
  File                     = {:Quellen/Graph Operations/Graph Matching/P230.PDF:PDF},
  ISBN                     = {0-89791-352-3},
  Location                 = {Nashville, Tennessee, USA},
  Numpages                 = {13},
  Url                      = {http://doi.acm.org/10.1145/298514.298576}
}

@InProceedings{Zhao:2011:GCW:1989323.1989413,
  Title                    = {Graph cube: on warehousing and OLAP multidimensional networks},
  Author                   = {Zhao, Peixiang and Li, Xiaolei and Xin, Dong and Han, Jiawei},
  Booktitle                = {Proceedings of the 2011 ACM SIGMOD International Conference on Management of data},
  Year                     = {2011},

  Address                  = {New York, NY, USA},
  Pages                    = {853--864},
  Publisher                = {ACM},
  Series                   = {SIGMOD '11},

  __markedentry            = {[s1ck:2]},
  Abstract                 = {We consider extending decision support facilities toward large sophisticated networks, upon which multidimensional attributes are associated with network entities, thereby forming the so-called multidimensional networks. Data warehouses and OLAP (Online Analytical Processing) technology have proven to be effective tools for decision support on relational data. However, they are not well-equipped to handle the new yet important multidimensional networks. In this paper, we introduce Graph Cube, a new data warehousing model that supports OLAP queries effectively on large multidimensional networks. By taking account of both attribute aggregation and structure summarization of the networks, Graph Cube goes beyond the traditional data cube model involved solely with numeric value based group-by's, thus resulting in a more insightful and structure-enriched aggregate network within every possible multidimensional space. Besides traditional cuboid queries, a new class of OLAP queries, crossboid, is introduced that is uniquely useful in multidimensional networks and has not been studied before. We implement Graph Cube by combining special characteristics of multidimensional networks with the existing well-studied data cube techniques. We perform extensive experimental studies on a series of real world data sets and Graph Cube is shown to be a powerful and efficient tool for decision support on large multidimensional networks.},
  Acmid                    = {1989413},
  Doi                      = {10.1145/1989323.1989413},
  File                     = {:Quellen/Related Work/sigmod11_pzhao.pdf:PDF},
  ISBN                     = {978-1-4503-0661-4},
  Keywords                 = {OLAP, data cube, data warehouse, graph cube, multidimensional network},
  Location                 = {Athens, Greece},
  Numpages                 = {12},
  Review                   = {- gute Abgrenzung zum klassischen Cube bei dem nur Dimensionen und Measures eine Rolle spielen und keine Beziehungen zwischen Entitäten
Multidimensional networks = Property Graph - Dimensionen sind die Anzahl verschiedener Properties an Knoten! (Kanten werden nicht berücksichtigt)
- Bilden von Aggregierten Graphen auf Basis gemeinsamer Knoteneigenschaften (cuboide) - Join von Aggregierten Graphen (crossboide)
- partielle Materialisierung (auf Basis des heuristischen Algorithmus aus DWH)},
  Url                      = {http://doi.acm.org/10.1145/1989323.1989413}
}

@Article{Zou:2009:DPM:1687627.1687727,
  Title                    = {Distance-join: pattern match query in a large graph database},
  Author                   = {Zou, Lei and Chen, Lei and \"{O}zsu, M. Tamer},
  Journal                  = {Proc. VLDB Endow.},
  Year                     = {2009},

  Month                    = aug,
  Number                   = {1},
  Pages                    = {886--897},
  Volume                   = {2},

  Acmid                    = {1687727},
  File                     = {:Quellen/Graph Languages/p886-zou.pdf:PDF},
  ISSN                     = {2150-8097},
  Issue_date               = {August 2009},
  Numpages                 = {12},
  Publisher                = {VLDB Endowment},
  Url                      = {http://dl.acm.org/citation.cfm?id=1687627.1687727}
}

@Book{DBLP:books/igi/Sakr2011,
  Title                    = {Graph Data Management: Techniques and Applications},
  Editor                   = {Sherif Sakr and Eric Pardede},
  Publisher                = {IGI Global},
  Year                     = {2011},

  Bibsource                = {DBLP, http://dblp.uni-trier.de},
  Booktitle                = {Graph Data Management},
  Ee                       = {http://dx.doi.oeg/10.4018/978-1-61350-053-8},
  File                     = {:Quellen/Graph Data Management/Graph_Data_Management_Techniques_and_Applications.pdf:PDF},
  ISBN                     = {9781613500538}
}

